@phdthesis{mul00,
        Author = {Lenore M. R. Mullin},
        Month = {December},
        School = {Syracuse University},
        Title = {A Mathematics of Arrays},
        Year = 1988}
@book{travis0,
     Author= {Travis Oliphant},
     Title = {Guide to NumPy},
     Publisher = {Continuum Press},
     Year = 2015}
 